buyer,yyyymm,uom,GRADE_SPEC,Sum_of_QTY,Sum_of_TOTAL_VALUE,Avg_PRICE,source,entity_name
Ajanta Pharma Ltd,202507,Kg,USP,625.0,7618800.0,12190.08,Buyer,Ajanta Pharma Ltd
Ajanta Pharma Ltd,202509,Kg,USP,475.0,5908525.0,12439.0,Buyer,Ajanta Pharma Ltd
Ajanta Pharma Ltd,202512,Kg,USP,750.0,9723450.0,12964.6,Buyer,Ajanta Pharma Ltd
Ajanta Pharma Ltd,202602,Kg,USP,1300.0,16964740.0,13049.8,Buyer,Ajanta Pharma Ltd
Alembic Pharmaceuticals Ltd,202504,Kg,USP,17000.0,201193350.0,11834.902941176471,Buyer,Alembic Pharmaceuticals Ltd
Alembic Pharmaceuticals Ltd,202505,Kg,IP,6000.0,72576000.0,12096.0,Buyer,Alembic Pharmaceuticals Ltd
Alembic Pharmaceuticals Ltd,202506,Kg,IP,10000.0,121834998.0,12183.4998,Buyer,Alembic Pharmaceuticals Ltd
Alembic Pharmaceuticals Ltd,202507,Kg,IP,5000.0,59909000.0,11981.8,Buyer,Alembic Pharmaceuticals Ltd
Alembic Pharmaceuticals Ltd,202508,Kg,USP,6000.0,64079100.0,10679.85,Buyer,Alembic Pharmaceuticals Ltd
Alembic Pharmaceuticals Ltd,202509,Kg,IP,10000.0,124390000.0,12439.0,Buyer,Alembic Pharmaceuticals Ltd
Alembic Pharmaceuticals Ltd,202512,Kg,IP,10000.0,126560000.0,12656.0,Buyer,Alembic Pharmaceuticals Ltd
Alembic Pharmaceuticals Ltd,202601,Kg,IP,14000.0,179464800.0,12818.914285714285,Buyer,Alembic Pharmaceuticals Ltd
Alembic Pharmaceuticals Ltd,202601,Kg,USP,3200.0,36480000.0,11400.0,Buyer,Alembic Pharmaceuticals Ltd
Alembic Pharmaceuticals Ltd,202602,Kg,USP,2800.0,31920000.0,11400.0,Buyer,Alembic Pharmaceuticals Ltd
Amn Life Science Pvt Ltd,202509,Kg,USP,600.0,7636200.0,12727.0,Buyer,Amn Life Science Pvt Ltd
Amn Life Science Pvt Ltd,202512,Kg,USP,1200.0,15838304.0,13198.586666666666,Buyer,Amn Life Science Pvt Ltd
Anm Pharma Pvt Ltd,202507,Kg,USP,250.0,3020687.25,12082.749,Buyer,Anm Pharma Pvt Ltd
Anuh Pharma Ltd,202504,Kg,USP,1000.0,10902604.0,10902.604,Buyer,Anuh Pharma Ltd
Anuh Pharma Ltd,202505,Kg,USP,8075.0,86722035.0,10739.570897832817,Buyer,Anuh Pharma Ltd
Anuh Pharma Ltd,202506,Kg,USP,7375.0,79846324.0,10826.62020338983,Buyer,Anuh Pharma Ltd
Anuh Pharma Ltd,202507,Kg,USP,14000.0,149881872.0,10705.848,Buyer,Anuh Pharma Ltd
Anuh Pharma Ltd,202508,Kg,IP,5000.0,61606528.0,12321.3056,Buyer,Anuh Pharma Ltd
Anuh Pharma Ltd,202508,Kg,USP,10000.0,116534612.0,11653.4612,Buyer,Anuh Pharma Ltd
Anuh Pharma Ltd,202511,Kg,USP,3350.0,37143126.0,11087.500298507463,Buyer,Anuh Pharma Ltd
Anuh Pharma Ltd,202512,Kg,USP,15000.0,165975800.0,11065.053333333333,Buyer,Anuh Pharma Ltd
Anuh Pharma Ltd,202601,Kg,USP,11400.0,128159424.0,11242.054736842105,Buyer,Anuh Pharma Ltd
Anuh Pharma Ltd,202602,Kg,USP,11900.0,134700206.0,11319.345042016806,Buyer,Anuh Pharma Ltd
Aquatic Remedies Ltd,202506,Kg,IP,6000.0,71877482.0,11979.580333333333,Buyer,Aquatic Remedies Ltd
Aquatic Remedies Ltd,202507,Kg,IP,7700.0,91287890.0,11855.57012987013,Buyer,Aquatic Remedies Ltd
Aquatic Remedies Ltd,202511,Kg,IP,750.0,8928974.0,11905.298666666667,Buyer,Aquatic Remedies Ltd
Aquatic Remedies Ltd,202512,Kg,USP,3000.0,38903656.0,12967.885333333334,Buyer,Aquatic Remedies Ltd
Aquatic Remedies Ltd,202601,Kg,IP,5000.0,63575944.0,12715.1888,Buyer,Aquatic Remedies Ltd
Aquatic Remedies Ltd,202601,Kg,USP,2000.0,25907430.0,12953.715,Buyer,Aquatic Remedies Ltd
Associated Biotech,202509,Kg,USP,609.0,7326735.0,12030.763546798029,Buyer,Associated Biotech
Aurobindo Pharma Ltd,202507,Kg,USP,3125.0,44891876.0,14365.40032,Buyer,Aurobindo Pharma Ltd
Aurobindo Pharma Ltd,202509,Kg,USP,2300.0,33820752.0,14704.674782608696,Buyer,Aurobindo Pharma Ltd
Aurobindo Pharma Ltd,202512,Kg,USP,1100.0,16612062.0,15101.874545454546,Buyer,Aurobindo Pharma Ltd
Aurobindo Pharma Ltd,202601,Kg,USP,875.0,13148975.0,15027.4,Buyer,Aurobindo Pharma Ltd
Bal Pharma Ltd,202504,Kg,IP,250.0,3031000.0,12124.0,Buyer,Bal Pharma Ltd
Bal Pharma Ltd,202504,Kg,USP,1250.0,15187475.0,12149.98,Buyer,Bal Pharma Ltd
Bal Pharma Ltd,202505,Kg,IP,250.0,2994250.0,11977.0,Buyer,Bal Pharma Ltd
Bal Pharma Ltd,202509,Kg,USP,4000.0,49224000.0,12306.0,Buyer,Bal Pharma Ltd
Bharat Parenterals Ltd,202601,Kg,USP,1050.0,13347600.0,12712.0,Buyer,Bharat Parenterals Ltd
Bliss Gvs Pharma Ltd,202509,Kg,EP,1050.0,15690150.0,14943.0,Buyer,Bliss Gvs Pharma Ltd
Bliss Gvs Pharma Ltd,202509,Kg,USP,2500.0,30927500.0,12371.0,Buyer,Bliss Gvs Pharma Ltd
Bliss Gvs Pharma Ltd,202512,Kg,USP,2875.0,36748248.0,12781.999304347826,Buyer,Bliss Gvs Pharma Ltd
Cadila Pharmaceuticals Ltd,202504,Kg,USP,180.0,2353788.0,13076.6,Buyer,Cadila Pharmaceuticals Ltd
Cadila Pharmaceuticals Ltd,202505,Kg,USP,670.3,8107949.0,12096.000298373863,Buyer,Cadila Pharmaceuticals Ltd
Cadila Pharmaceuticals Ltd,202506,Kg,USP,400.0,4908399.9399999995,12270.999849999998,Buyer,Cadila Pharmaceuticals Ltd
Cadila Pharmaceuticals Ltd,202601,Kg,USP,1100.0,14245440.0,12950.4,Buyer,Cadila Pharmaceuticals Ltd
Calyx Chemicals And Pharmaceuticals Ltd,202504,Kg,USP,3000.0,32595000.0,10865.0,Buyer,Calyx Chemicals And Pharmaceuticals Ltd
Calyx Chemicals And Pharmaceuticals Ltd,202505,Kg,USP,2000.0,21045300.0,10522.65,Buyer,Calyx Chemicals And Pharmaceuticals Ltd
Caplin Point Laboratories Ltd,202505,Kg,USP,500.0,5983200.0,11966.4,Buyer,Caplin Point Laboratories Ltd
Central Drug House,202504,Kg,IP,1000.0,11938243.0,11938.243,Buyer,Central Drug House
Central Drug House,202506,Kg,IP,1000.0,11932466.0,11932.466,Buyer,Central Drug House
Century Pharmaceuticals Ltd,202508,Kg,USP,12000.0,130795196.0,10899.599666666667,Buyer,Century Pharmaceuticals Ltd
Century Pharmaceuticals Ltd,202512,Kg,USP,12000.0,132102000.0,11008.5,Buyer,Century Pharmaceuticals Ltd
Century Pharmaceuticals Ltd,202601,Kg,USP,12000.0,134611200.0,11217.6,Buyer,Century Pharmaceuticals Ltd
Credo Life Sciences Pvt Ltd,202511,Kg,USP,500.0,6297700.0,12595.4,Buyer,Credo Life Sciences Pvt Ltd
Credo Life Sciences Pvt Ltd,202512,Kg,USP,600.0,7625400.0,12709.0,Buyer,Credo Life Sciences Pvt Ltd
Credo Life Sciences Pvt Ltd,202601,Kg,USP,600.0,7736160.25,12893.600416666666,Buyer,Credo Life Sciences Pvt Ltd
Credo Life Sciences Pvt Ltd,202602,Kg,USP,500.0,6485850.0,12971.7,Buyer,Credo Life Sciences Pvt Ltd
Del Trade International Pvt Ltd,202505,Kg,IP,1975.0,23377680.0,11836.8,Buyer,Del Trade International Pvt Ltd
Del Trade International Pvt Ltd,202509,Kg,IP,2000.0,24564000.0,12282.0,Buyer,Del Trade International Pvt Ltd
Desource,202506,Kg,IP,1000.0,11884750.0,11884.75,Buyer,Desource
Desource,202508,Kg,IP,1000.0,12138200.0,12138.2,Buyer,Desource
Dilipkumar And Co,202504,Kg,IP,1500.0,17952792.0,11968.528,Buyer,Dilipkumar And Co
Dilipkumar And Co,202505,Kg,IP,1500.0,17767714.0,11845.142666666667,Buyer,Dilipkumar And Co
Dilipkumar And Co,202506,Kg,IP,3000.0,35607374.0,11869.124666666667,Buyer,Dilipkumar And Co
Dilipkumar And Co,202508,Kg,IP,2000.0,23980544.0,11990.272,Buyer,Dilipkumar And Co
Dilipkumar And Co,202509,Kg,IP,2000.0,24588198.0,12294.099,Buyer,Dilipkumar And Co
Dpb Pharmaceuticals Ltd,202505,Kg,USP,2000.0,24078663.0,12039.3315,Buyer,Dpb Pharmaceuticals Ltd
Dpb Pharmaceuticals Ltd,202506,Kg,USP,2000.0,24547188.0,12273.594,Buyer,Dpb Pharmaceuticals Ltd
Dpb Pharmaceuticals Ltd,202507,Kg,USP,4500.0,55061624.0,12235.916444444445,Buyer,Dpb Pharmaceuticals Ltd
Dpb Pharmaceuticals Ltd,202508,Kg,USP,1500.0,18465956.0,12310.637333333334,Buyer,Dpb Pharmaceuticals Ltd
Dr Reddy S Laboratories Ltd,202505,Kg,USP,500.0,6048000.0,12096.0,Buyer,Dr Reddy S Laboratories Ltd
Dr Reddy S Laboratories Ltd,202511,Kg,USP,500.0,6297700.0,12595.4,Buyer,Dr Reddy S Laboratories Ltd
Envee Drugs Pvt Ltd,202504,Kg,USP,5500.0,58693862.0,10671.611272727272,Buyer,Envee Drugs Pvt Ltd
Envee Drugs Pvt Ltd,202505,Kg,USP,4980.0,55660930.0,11176.893574297188,Buyer,Envee Drugs Pvt Ltd
Envee Drugs Pvt Ltd,202506,Kg,USP,13500.0,145465651.0,10775.233407407408,Buyer,Envee Drugs Pvt Ltd
Envee Drugs Pvt Ltd,202507,Kg,USP,6150.0,66018840.0,10734.770731707316,Buyer,Envee Drugs Pvt Ltd
Envee Drugs Pvt Ltd,202508,Kg,USP,11050.0,119223287.0,10789.437737556562,Buyer,Envee Drugs Pvt Ltd
Envee Drugs Pvt Ltd,202509,Kg,USP,8850.0,96391710.0,10891.718644067796,Buyer,Envee Drugs Pvt Ltd
Envee Drugs Pvt Ltd,202511,Kg,USP,11850.0,128066932.0,10807.336033755275,Buyer,Envee Drugs Pvt Ltd
Envee Drugs Pvt Ltd,202601,Kg,USP,2000.0,22651191.38,11325.59569,Buyer,Envee Drugs Pvt Ltd
Envee Drugs Pvt Ltd,202602,Kg,USP,5000.0,55743596.0,11148.7192,Buyer,Envee Drugs Pvt Ltd
Farmachem Life Pvt Ltd,202505,Kg,IP,2000.0,23626220.0,11813.11,Buyer,Farmachem Life Pvt Ltd
Farmachem Life Pvt Ltd,202506,Kg,IP,2000.0,23687758.0,11843.879,Buyer,Farmachem Life Pvt Ltd
Farmachem Life Pvt Ltd,202506,Kg,USP,2000.0,24304682.0,12152.341,Buyer,Farmachem Life Pvt Ltd
Farmachem Life Pvt Ltd,202508,Kg,IP,2000.0,23799944.0,11899.972,Buyer,Farmachem Life Pvt Ltd
Farmachem Life Pvt Ltd,202601,Kg,USP,4000.0,51601211.5,12900.302875,Buyer,Farmachem Life Pvt Ltd
Farmachem Life Pvt Ltd,202602,Kg,USP,2000.0,25956795.0,12978.3975,Buyer,Farmachem Life Pvt Ltd
Fdc Ltd,202508,Kg,USP,105.0,1318896.0,12560.914285714285,Buyer,Fdc Ltd
Fdc Ltd,202509,Kg,USP,150.0,1875675.0,12504.5,Buyer,Fdc Ltd
Fdc Ltd,202512,Kg,IP,200.0,2774000.0,13870.0,Buyer,Fdc Ltd
Fdc Ltd,202601,Kg,USP,650.0,8477040.0,13041.6,Buyer,Fdc Ltd
G C Chemie Pharmie Ltd,202505,Kg,IP,6000.0,70579560.0,11763.26,Buyer,G C Chemie Pharmie Ltd
G C Chemie Pharmie Ltd,202506,Kg,IP,2000.0,23681812.0,11840.906,Buyer,G C Chemie Pharmie Ltd
G C Chemie Pharmie Ltd,202508,Kg,IP,3000.0,36695333.0,12231.777666666667,Buyer,G C Chemie Pharmie Ltd
G C Chemie Pharmie Ltd,202512,Kg,IP,2000.0,25558814.0,12779.407,Buyer,G C Chemie Pharmie Ltd
G C Chemie Pharmie Ltd,202512,Kg,USP,1000.0,12957500.0,12957.5,Buyer,G C Chemie Pharmie Ltd
G C Chemie Pharmie Ltd,202601,Kg,IP,10000.0,127724416.0,12772.4416,Buyer,G C Chemie Pharmie Ltd
General Import Co India Pvt Ltd,202505,Kg,USP,1000.0,11729422.0,11729.422,Buyer,General Import Co India Pvt Ltd
General Import Co India Pvt Ltd,202507,Kg,USP,1000.0,11824186.0,11824.186,Buyer,General Import Co India Pvt Ltd
General Import Co India Pvt Ltd,202508,Kg,USP,1000.0,11989162.0,11989.162,Buyer,General Import Co India Pvt Ltd
Globela Pharma Pvt Ltd,202506,Kg,USP,1000.0,11867400.5,11867.4005,Buyer,Globela Pharma Pvt Ltd
Globela Pharma Pvt Ltd,202601,Kg,USP,1000.0,12403200.0,12403.2,Buyer,Globela Pharma Pvt Ltd
Gorang International,202504,Kg,IP,2000.0,23867866.0,11933.933,Buyer,Gorang International
Gorang International,202504,Kg,USP,2000.0,24192000.0,12096.0,Buyer,Gorang International
Gorang International,202506,Kg,IP,6000.0,71619408.0,11936.568,Buyer,Gorang International
Gorang International,202507,Kg,IP,2000.0,23640070.0,11820.035,Buyer,Gorang International
Gorang International,202507,Kg,USP,8000.0,96245202.0,12030.65025,Buyer,Gorang International
Gorang International,202509,Kg,USP,3875.0,48548076.0,12528.535741935484,Buyer,Gorang International
Hof Pharmaceuticals Ltd,202507,Kg,USP,333.0,4032163.81,12108.60003003003,Buyer,Hof Pharmaceuticals Ltd
Ind Swift Laboratories Ltd,202512,Kg,USP,600.0,8085480.0,13475.8,Buyer,Ind Swift Laboratories Ltd
Ind Swift Ltd,202507,Kg,USP,2700.0,34122816.0,12638.08,Buyer,Ind Swift Ltd
Indoco Remedies Ltd,202511,Kg,USP,500.0,6734875.0,13469.75,Buyer,Indoco Remedies Ltd
Innova Captab Ltd,202505,Kg,USP,3829.09,46316648.69,12095.993745250176,Buyer,Innova Captab Ltd
Innova Captab Ltd,202508,Kg,IP,3828.52,46020428.43,12020.422625453177,Buyer,Innova Captab Ltd
Innova Captab Ltd,202509,Kg,IP,2000.0,24386000.0,12193.0,Buyer,Innova Captab Ltd
Inspira Bio Pharm Pvt Ltd,202509,Kg,USP,4000.0,49775542.0,12443.8855,Buyer,Inspira Bio Pharm Pvt Ltd
J B Chemicals And Pharmaceuticals Ltd,202509,Kg,EP,1000.0,11494300.0,11494.3,Buyer,J B Chemicals And Pharmaceuticals Ltd
Jubilant Generics Ltd,202505,Kg,USP,700.0,8769600.0,12528.0,Buyer,Jubilant Generics Ltd
Jubilant Generics Ltd,202507,Kg,USP,700.0,8810200.0,12586.0,Buyer,Jubilant Generics Ltd
Kopran Ltd,202506,Kg,USP,1000.0,12271000.0,12271.0,Buyer,Kopran Ltd
Kopran Ltd,202512,Kg,USP,1000.0,12957500.0,12957.5,Buyer,Kopran Ltd
Kopran Research Laboratories Ltd,202504,Kg,USP,2500.0,28404000.0,11361.6,Buyer,Kopran Research Laboratories Ltd
Kopran Research Laboratories Ltd,202505,Kg,USP,2500.0,27589876.0,11035.9504,Buyer,Kopran Research Laboratories Ltd
Kopran Research Laboratories Ltd,202507,Kg,USP,5000.0,56917030.0,11383.406,Buyer,Kopran Research Laboratories Ltd
Kopran Research Laboratories Ltd,202508,Kg,USP,4000.0,43774200.0,10943.55,Buyer,Kopran Research Laboratories Ltd
Kopran Research Laboratories Ltd,202509,Kg,USP,1000.0,11061825.0,11061.825,Buyer,Kopran Research Laboratories Ltd
Kopran Research Laboratories Ltd,202511,Kg,USP,7000.0,78312498.0,11187.499714285714,Buyer,Kopran Research Laboratories Ltd
Lupin Ltd,202505,Kg,USP,1900.0,25844656.0,13602.45052631579,Buyer,Lupin Ltd
Lupin Ltd,202506,Kg,USP,1000.0,13793250.0,13793.25,Buyer,Lupin Ltd
Lupin Ltd,202507,Kg,USP,1015.4,14013738.81,13801.200324995076,Buyer,Lupin Ltd
Lupin Ltd,202509,Kg,USP,7981.700000000001,112854073.62,14139.102399238256,Buyer,Lupin Ltd
Lupin Ltd,202601,Kg,USP,1272.9,18377111.5,14437.199701469086,Buyer,Lupin Ltd
Magbro Health Care Pvt Ltd,202504,Kg,USP,500.0,6004800.0,12009.6,Buyer,Magbro Health Care Pvt Ltd
Magbro Health Care Pvt Ltd,202508,Kg,USP,500.0,6202000.0,12404.0,Buyer,Magbro Health Care Pvt Ltd
Magbro Health Care Pvt Ltd,202509,Kg,USP,500.0,6230000.0,12460.0,Buyer,Magbro Health Care Pvt Ltd
Mahima Lifesciences Pvt Ltd,202504,Kg,USP,500.0,5594400.0,11188.8,Buyer,Mahima Lifesciences Pvt Ltd
Medico Remedies Ltd,202506,Kg,USP,1000.0,12288138.0,12288.138,Buyer,Medico Remedies Ltd
Medico Remedies Ltd,202508,Kg,USP,3500.0,42512832.0,12146.523428571429,Buyer,Medico Remedies Ltd
Medico Remedies Ltd,202601,Kg,USP,3000.0,39214398.94,13071.466313333332,Buyer,Medico Remedies Ltd
Medico Remedies Ltd,202602,Kg,USP,2000.0,26243484.0,13121.742,Buyer,Medico Remedies Ltd
Medopharm,202505,Kg,USP,1000.0,11977000.0,11977.0,Buyer,Medopharm
Medopharm,202507,Kg,USP,1000.0,12152000.0,12152.0,Buyer,Medopharm
Medopharm,202511,Kg,USP,1000.0,11975100.0,11975.1,Buyer,Medopharm
Medopharm,202512,Kg,USP,500.0,6478750.0,12957.5,Buyer,Medopharm
Medopharm Pvt Ltd,202507,Kg,USP,250.0,3298400.0,13193.6,Buyer,Medopharm Pvt Ltd
Mehta Api Pvt Ltd,202504,Kg,USP,21125.0,226313363.0,10713.058603550297,Buyer,Mehta Api Pvt Ltd
Mehta Api Pvt Ltd,202505,Kg,USP,24400.0,260467507.5,10674.897848360655,Buyer,Mehta Api Pvt Ltd
Mehta Api Pvt Ltd,202506,Kg,USP,11000.0,117445700.0,10676.881818181819,Buyer,Mehta Api Pvt Ltd
Mehta Api Pvt Ltd,202507,Kg,USP,28725.0,306018894.25,10653.399277632725,Buyer,Mehta Api Pvt Ltd
Mehta Api Pvt Ltd,202508,Kg,IP,2000.0,24464524.0,12232.262,Buyer,Mehta Api Pvt Ltd
Mehta Api Pvt Ltd,202508,Kg,USP,9925.0,107348424.0,10815.962115869017,Buyer,Mehta Api Pvt Ltd
Mehta Api Pvt Ltd,202509,Kg,USP,23350.0,253747929.0,10867.148993576016,Buyer,Mehta Api Pvt Ltd
Mehta Api Pvt Ltd,202511,Kg,IP,2000.0,25060000.0,12530.0,Buyer,Mehta Api Pvt Ltd
Mehta Api Pvt Ltd,202511,Kg,USP,28525.0,312971985.5,10971.84874671341,Buyer,Mehta Api Pvt Ltd
Mehta Api Pvt Ltd,202512,Kg,USP,31175.0,348828500.0,11189.366479550923,Buyer,Mehta Api Pvt Ltd
Mehta Api Pvt Ltd,202601,Kg,USP,28375.0,316544493.0,11155.753057268723,Buyer,Mehta Api Pvt Ltd
Mehta Api Pvt Ltd,202602,Kg,USP,21475.0,243052304.0,11317.918696158324,Buyer,Mehta Api Pvt Ltd
Mehta Medicare Pvt Ltd,202504,Kg,IP,1000.0,11846510.0,11846.51,Buyer,Mehta Medicare Pvt Ltd
Mehta Medicare Pvt Ltd,202505,Kg,IP,1000.0,11729332.0,11729.332,Buyer,Mehta Medicare Pvt Ltd
Mehta Medicare Pvt Ltd,202509,Kg,IP,1000.0,12200914.0,12200.914,Buyer,Mehta Medicare Pvt Ltd
Mehta Medicare Pvt Ltd,202511,Kg,IP,1000.0,12357985.0,12357.985,Buyer,Mehta Medicare Pvt Ltd
Mehta Pharmaceutical Industries,202504,Kg,USP,10000.0,109858889.0,10985.8889,Buyer,Mehta Pharmaceutical Industries
Mehta Pharmaceutical Industries,202505,Kg,USP,11900.0,127847180.0,10743.460504201681,Buyer,Mehta Pharmaceutical Industries
Mehta Pharmaceutical Industries,202506,Kg,USP,12000.0,130840040.0,10903.336666666666,Buyer,Mehta Pharmaceutical Industries
Mehta Pharmaceutical Industries,202507,Kg,IP,3000.0,35455108.0,11818.369333333334,Buyer,Mehta Pharmaceutical Industries
Mehta Pharmaceutical Industries,202507,Kg,USP,12000.0,128673912.0,10722.826,Buyer,Mehta Pharmaceutical Industries
Mehta Pharmaceutical Industries,202509,Kg,USP,12000.0,128673912.0,10722.826,Buyer,Mehta Pharmaceutical Industries
Mehta Pharmaceutical Industries,202512,Kg,USP,12000.0,134721660.0,11226.805,Buyer,Mehta Pharmaceutical Industries
Mehta Pharmaceutical Industries,202602,Kg,USP,12000.0,134869272.5,11239.106041666666,Buyer,Mehta Pharmaceutical Industries
Micro Labs Ltd,202505,Kg,USP,2000.0,24192000.0,12096.0,Buyer,Micro Labs Ltd
Micro Labs Ltd,202509,Kg,USP,2000.0,24612000.0,12306.0,Buyer,Micro Labs Ltd
Minerva Biogenix Pvt Ltd,202509,Kg,USP,1000.0,12306000.0,12306.0,Buyer,Minerva Biogenix Pvt Ltd
Next Wave India,202509,Kg,USP,1000.0,12460000.0,12460.0,Buyer,Next Wave India
Odin Healthcare Pvt Ltd,202506,Kg,USP,1000.0,12278048.0,12278.048,Buyer,Odin Healthcare Pvt Ltd
Odin Healthcare Pvt Ltd,202509,Kg,USP,1000.0,12446053.0,12446.053,Buyer,Odin Healthcare Pvt Ltd
Odin Healthcare Pvt Ltd,202512,Kg,USP,1000.0,12537049.0,12537.049,Buyer,Odin Healthcare Pvt Ltd
Pinnacle Life Science Pvt Ltd,202504,Kg,USP,2500.0,29011000.0,11604.4,Buyer,Pinnacle Life Science Pvt Ltd
Pinnacle Life Science Pvt Ltd,202508,Kg,USP,2000.0,23603040.0,11801.52,Buyer,Pinnacle Life Science Pvt Ltd
Pragati Raw Pharma Pvt Ltd,202505,Kg,USP,5000.0,52848576.0,10569.7152,Buyer,Pragati Raw Pharma Pvt Ltd
Pragati Raw Pharma Pvt Ltd,202511,Kg,USP,10575.0,116441068.0,11010.975697399526,Buyer,Pragati Raw Pharma Pvt Ltd
Pragati Raw Pharma Pvt Ltd,202512,Kg,USP,4800.0,53915588.0,11232.414166666667,Buyer,Pragati Raw Pharma Pvt Ltd
Pretty Petals Pvt Ltd,202507,Kg,USP,7150.0,82542464.0,11544.400559440559,Buyer,Pretty Petals Pvt Ltd
Pretty Petals Pvt Ltd,202511,Kg,USP,7200.0,84738600.0,11769.25,Buyer,Pretty Petals Pvt Ltd
Ruskin Chemipharm,202505,Kg,IP,1500.0,17774324.0,11849.549333333332,Buyer,Ruskin Chemipharm
Ruskin Chemipharm,202507,Kg,IP,1500.0,17853830.0,11902.553333333333,Buyer,Ruskin Chemipharm
Ruskin Chemipharm,202508,Kg,IP,2000.0,24475452.0,12237.726,Buyer,Ruskin Chemipharm
Ruskin Chemipharm,202512,Kg,IP,2000.0,25590710.0,12795.355,Buyer,Ruskin Chemipharm
Scott Edil Pharmacia Ltd,202508,Kg,USP,3000.0,37841768.0,12613.922666666667,Buyer,Scott Edil Pharmacia Ltd
Sevantilal And Sons,202505,Kg,IP,3000.0,35201572.0,11733.857333333333,Buyer,Sevantilal And Sons
Sevantilal And Sons,202508,Kg,IP,2000.0,24273668.0,12136.834,Buyer,Sevantilal And Sons
Sevantilal And Sons,202508,Kg,USP,2000.0,24318764.0,12159.382,Buyer,Sevantilal And Sons
Sevantilal And Sons,202511,Kg,IP,2000.0,25069812.0,12534.906,Buyer,Sevantilal And Sons
Shah C J World Llp,202506,Kg,USP,1000.0,12145000.0,12145.0,Buyer,Shah C J World Llp
Shah C J World Llp,202508,Kg,USP,1000.0,12404000.0,12404.0,Buyer,Shah C J World Llp
Shah C J World Llp,202511,Kg,USP,2000.0,24856526.0,12428.263,Buyer,Shah C J World Llp
Shah C J World Llp,202512,Kg,USP,1000.0,12957500.0,12957.5,Buyer,Shah C J World Llp
Shah Tc Distribution Llp,202504,Kg,IP,14825.0,178141816.0,12016.311365935919,Buyer,Shah Tc Distribution Llp
Shah Tc Distribution Llp,202506,Kg,IP,4275.0,51883124.0,12136.403274853801,Buyer,Shah Tc Distribution Llp
Shah Tc Distribution Llp,202507,Kg,IP,2350.0,28359800.0,12068.0,Buyer,Shah Tc Distribution Llp
Shalina Laboratories Pvt Ltd,202508,Kg,USP,750.0,9303000.0,12404.0,Buyer,Shalina Laboratories Pvt Ltd
Shalina Laboratories Pvt Ltd,202509,Kg,USP,750.0,9345000.0,12460.0,Buyer,Shalina Laboratories Pvt Ltd
Shalina Laboratories Pvt Ltd,202601,Kg,USP,2000.0,25900800.0,12950.4,Buyer,Shalina Laboratories Pvt Ltd
Shriya Pharma And Surgical,202507,Kg,USP,2000.0,24584340.0,12292.17,Buyer,Shriya Pharma And Surgical
Shriya Pharma And Surgical,202602,Kg,USP,2000.0,26118294.0,13059.147,Buyer,Shriya Pharma And Surgical
Sun Pharmaceutical Industries Ltd,202509,Kg,IP,2550.0,31719450.0,12439.0,Buyer,Sun Pharmaceutical Industries Ltd
Sun Rise Enterprises,202504,Kg,IP,3500.0,41611812.0,11889.089142857143,Buyer,Sun Rise Enterprises
Sun Rise Enterprises,202505,Kg,IP,4800.0,56829622.0,11839.504583333333,Buyer,Sun Rise Enterprises
Sun Rise Enterprises,202505,Kg,USP,2000.0,23447164.0,11723.582,Buyer,Sun Rise Enterprises
Sun Rise Enterprises,202506,Kg,IP,3000.0,36037868.0,12012.622666666666,Buyer,Sun Rise Enterprises
Sun Rise Enterprises,202507,Kg,IP,5500.0,65714656.0,11948.119272727272,Buyer,Sun Rise Enterprises
Sun Rise Enterprises,202507,Kg,USP,2000.0,24551332.0,12275.666,Buyer,Sun Rise Enterprises
Sun Rise Enterprises,202508,Kg,IP,7000.0,85337980.0,12191.14,Buyer,Sun Rise Enterprises
Sun Rise Enterprises,202601,Kg,IP,10000.0,127706860.0,12770.686,Buyer,Sun Rise Enterprises
Sun Rise Enterprises,202602,Kg,IP,2000.0,25540704.0,12770.352,Buyer,Sun Rise Enterprises
Surmount Laboratories Ltd,202508,Kg,USP,2000.0,24472206.0,12236.103,Buyer,Surmount Laboratories Ltd
Surmount Laboratories Ltd,202602,Kg,USP,1000.0,12971700.0,12971.7,Buyer,Surmount Laboratories Ltd
Surmount Laboratories Pvt Ltd,202505,Kg,USP,1000.0,11845894.0,11845.894,Buyer,Surmount Laboratories Pvt Ltd
Theon Pharmaceuticals Ltd,202505,Kg,USP,2000.0,23953999.5,11976.99975,Buyer,Theon Pharmaceuticals Ltd
Theon Pharmaceuticals Ltd,202506,Kg,USP,2000.0,24290000.0,12145.0,Buyer,Theon Pharmaceuticals Ltd
Theon Pharmaceuticals Ltd,202508,Kg,USP,2000.0,24808000.0,12404.0,Buyer,Theon Pharmaceuticals Ltd
Theon Pharmaceuticals Ltd,202511,Kg,USP,2000.0,25059999.0,12529.9995,Buyer,Theon Pharmaceuticals Ltd
Theon Pharmaceuticals Ltd,202512,Kg,USP,2000.0,25564001.0,12782.0005,Buyer,Theon Pharmaceuticals Ltd
Unimax Chemicals Pvt Ltd,202505,Kg,USP,2000.0,21387690.0,10693.845,Buyer,Unimax Chemicals Pvt Ltd
Unimax Chemicals Pvt Ltd,202506,Kg,USP,1000.0,10693845.0,10693.845,Buyer,Unimax Chemicals Pvt Ltd
Unimax Chemicals Pvt Ltd,202507,Kg,USP,1000.0,10693845.0,10693.845,Buyer,Unimax Chemicals Pvt Ltd
Unimax Chemicals Pvt Ltd,202509,Kg,USP,1175.0,12847195.0,10933.782978723404,Buyer,Unimax Chemicals Pvt Ltd
Unimax Laboratories,202506,Kg,USP,750.0,8845200.0,11793.6,Buyer,Unimax Laboratories
Unimax Laboratories,202507,Kg,USP,850.0,10710357.0,12600.42,Buyer,Unimax Laboratories
Unimax Laboratories,202511,Kg,USP,800.0,10078416.0,12598.02,Buyer,Unimax Laboratories
Vincit Labs Pvt Ltd,202511,Kg,USP,1000.0,11421000.0,11421.0,Buyer,Vincit Labs Pvt Ltd
Vincit Labs Pvt Ltd,202512,Kg,USP,50.0,528050.0,10561.0,Buyer,Vincit Labs Pvt Ltd
Zim Laboratories Ltd,202507,Kg,USP,4000.0,48272000.0,12068.0,Buyer,Zim Laboratories Ltd
Zim Laboratories Ltd,202508,Kg,USP,2500.0,29600900.0,11840.36,Buyer,Zim Laboratories Ltd
Zim Laboratories Ltd,202511,Kg,USP,2000.0,24164999.5,12082.49975,Buyer,Zim Laboratories Ltd
Zim Laboratories Ltd,202512,Kg,USP,4000.0,51198000.0,12799.5,Buyer,Zim Laboratories Ltd
